@Manual{PIC16F15325,
  title        = {PIC16F15325},
  author = {Microchip},
  url          = {https://www.microchip.com/en-us/product/PIC16F15325},
  urldate      = {2023-12-13}
}

@online{seneye-home,
  author  = {Seneye},
  title   = {Seneye Home},
  year    = {2023},
  url     = {https://www.seneye.cz/seneye-home/},
  urldate = {2023-12-12}
}

@online{neptune-systems-why-apex,
  author  = {{Neptune Systems}},
  title   = {Why Apex?},
  url     = {https://www.neptunesystems.com/products/apex-controllers/why-apex/},
  urldate = {2023-12-12}
}

@online{eshop-neptune-systems-apex,
  organization  = {{E-shop Neptune Systems Store}},
  title   = {Apex EL Controller System},
  url     = {https://shop.neptunesystems.com/products/apex-el-controller-system?variant=14414158921780},
  urldate = {2023-12-12}
}

@online{eshop-ghl-profilux-sets,
  organization  = {{E-shop GHL Store}},
  title   = {ProfiLux Sets},
  url     = {https://store.aquariumcomputer.com/profilux-sets-2/},
  urldate = {2023-12-12}
}

@online{ghl-profilux,
  author  = {GHL},
  title   = {ProfiLux Aquarium Controller},
  url     = {https://www.aquariumcomputer.com/products/profilux-aquarium-controller/},
  urldate = {2023-12-12}
}

@online{eshop-laskakit-rele,
  organization  = {{E-shop LaskaKit.cz}},
  title   = {8-kanálů relé modul 5VDC 250VAC 10A},
  url     = {https://www.laskakit.cz/8-kanalu-rele-modul-5vdc-250vac-10a/},
  urldate = {2023-12-11}
}

@online{eshop-laskakit-expander,
  organization  = {{E-shop LaskaKit.cz}},
  title   = {PCF8574 I2C 8bit I/O Expandér},
  url     = {https://www.laskakit.cz/pcf8574-i2c-8bit-i-o-expander/},
  urldate = {2023-12-11}
}

@online{altium-esd-protection,
  author       = {Zachariah PETERSON},
  title        = {Beginner's Guide to ESD Protection Circuit Design for PCBs},
  organization = {Altium Resources},
  notprintmonth        = {September 21},
  year         = {2021},
  note         = {Aktualizováno 13.6. 2023},
  url          = {https://resources.altium.com/p/beginners-guide-esd-protection-circuit-design-pcbs},
  urldate = {2023-12-10}
}

@online{altium-circuit-protection,
  title        = {Methods of Circuit Protection},
  author       = {Mark Harris},
  organization = {Altium Resources},
  howpublished = {online},
  noprintmonth        = {August 27},
  year         = {2021},
  note         = {Aktualizováno 29.11. 2023},
  url          = {https://resources.altium.com/p/methods-protect-your-circuit},
  urldate = {2023-12-10}
}

@online{webench-power-designer,
  title        = {{Webench Power Designer}},
  organization = {{Texas Instruments}},
  url          = {https://webench.ti.com/power-designer/},
  urldate = {2023-12-10}
}

@manual{lm5148-datasheet,
  title        = {{LM5148 Datasheet}},
  author       = {{Texas Instruments}},
  year         = {2023},
  version      = {SNVSC01},
  url          = {https://www.ti.com/lit/ds/symlink/lm5148.pdf},
}

@manual{esp32-wroom-32e-datasheet,
  title        = {{ESP32-WROOM-32E/ESP32-WROOM-32UE Datasheet}},
  author       = {{Espressif Systems}},
  year         = {2023},
  version      = {1.6},
  url          = {https://www.espressif.com/sites/default/files/documentation/esp32-wroom-32e_esp32-wroom-32ue_datasheet_en.pdf},
}

@manual{esp32-datasheet,
  title        = {{ESP32 Series Datasheet}},
  author       = {{Espressif Systems}},
  year         = {2023},
  version      = {4.3},
  url          = {https://www.espressif.com/sites/default/files/documentation/esp32_datasheet_en.pdf}
}

@online{prodigy-spi-i2c,
  author  = {{Prodigy Technovations}},
  title   = {I2C vs SPI: Difference Between I2C and SPI},
  year    = {2021},
  url     = {https://prodigytechno.com/i2c-vs-spi/},
  urldate = {2023-12-07}
}

@online{coralvuehydros,
  author  = {CoralVue},
  title   = {CoralVue Hydros},
  url     = {https://www.coralvuehydros.com/},
  urldate = {2023-12-12}
}

@online{eshop-coralvue-hydros,
  organization  = {E-shop CoralVue Aquarium Products},
  title   = {HYDROS},
  url     = {https://www.coralvue.com/hydros},
  urldate = {2023-12-12}
}

@online{eshop-ledsolution-svetlo,
  author  = {{E-shop LED SOLUTION}},
  title   = {Jak osvětlit akvárium?},
  url     = {https://eshop.ledsolution.cz/jak-osvetlit-akvarium-led-paskem/},
  urldate = {2023-12-03}
}


@online{eshop-rostlinna-akvaria-svetlo,
  author  = {{Rostlinná akvária}},
  title   = {Jaké osvětlení vybrat pro Vaše akvárium},
  url     = {https://www.rostlinna-akvaria.cz/jak-vybrat-osvetleni-pro-vase-akvarium-a-usetrit},
  urldate = {2023-12-03}
}


@online{eshop-rostlinna-akvaria,
  author  = {{Rostlinná akvária}},
  title   = {E-shop},
  year    = {2023},
  url     = {https://www.rostlinna-akvaria.cz/eshop},
  urldate = {2023-12-03}
}


@online{vitek_akvaristika,
  author = {Jiří VÍTEK},
  title  = {Akvaristika včera, dnes a zítra},
  url    = {https://www.akvarijni.cz/texty/historie_akvaristiky.htm},
  urldate = {2023-12-03}
}

@online{yt-filtrace,
  author       = {{Rostlinná akvaria | INVITAL}},
  title        = {Akvarijní filtrace},
  year         = {2023},
  date         = {2023-06-28},
  urldate      = {2023-12-05},
  url          = {https://www.youtube.com/watch?v=XRoeJDoClOk},
  organization = {YouTube}
}



@MastersThesis{haskova_bakalarska2011,
  author = {Barbora HÁSKOVÁ},
  title  = {Společenstva prvoků a bezobratlých živočichů ve sladkovodních akváriích a možnosti jejich využití ve výuce},
  school = {Univerzita Karlova v Praze, Pedagogická Fakulta},
  year   = {2011},
  type   = {Bakalářská práce},
  url    = {https://dspace.cuni.cz/bitstream/handle/20.500.11956/39224/BPTX_2010_2__0_258158_0_107901.pdf?sequence=1&isAllowed=y}
}

@MastersThesis{KejzlarRadim2022Ařpa,
  author    = {Radim KEJZLAR},
  title     = {Automatizované řízení provozu akvária},
  school = {Vysoké učení technické v Brně. Fakulta elektrotechniky a komunikačních technologií},
  year      = {2022},
  type       = {Diplomová práce},
  language  = {czech},
  keywords  = {Akvaristika; Automatizace akvária; AVR; ATMEGA; ESP32; pH; LCD; Řízení teploty; Automatické krmení; Keywords Aquaristics; Aquarium automation; LCD Temperature Control; Automatic Feeding}
}

@MastersThesis{HedvicekMichal2017Nkas,
  author    = {Michal HEDVÍČEK},
  title     = {Návrh komplexního automatizovaného systému pro akvaristy},
  school = {Vysoké učení technické v Brně. Fakulta elektrotechniky a komunikačních technologií},
  year      = {2017},
  type       = {Diplomová práce},
  language  = {czech},
  abstract  = {Diplomová práce se zabývá teoretickým návrhem automatizovaného řídicího systému pro akvárium a jeho následnou simulací v softwarovém prostředí Proteus ISIS. Díky simulačnímu programu lze ověřit chování procesoru při žádaných funkcích, správnost elektrických zapojení a chyby ve zdrojovém kódu. V další části práce je uveden rozbor komerčních systémů, jejich vlastností a možnosti použití. Kromě dostupných komerčních systémů je zde uveden základní přehled běžně používaných periferií v akvaristice, včetně jejich srovnání a zhodnocení. Následně je provedena realizace komplexního systému a jsou popsány postupy a metody potřebné k nastavení systému. Prostor je zde věnován také problematice chlazení a testům spolehlivosti.},
  keywords  = {akvaristika mh; automatické systémy ovládací et; elektrické přístroje en; simulační programy ma; diplomové práce; automatizace akvária; chemismus vody; obvod reálného času; maticová klávesnice; dávkování hnojiva; Arduino}
}

@MastersThesis{MusilLibor2018Isps,
  author    = {Libor MUSIL},
  title     = {Inteligentní systém pro správu akvária},
  school = {Vysoké učení technické v Brně. Fakulta elektrotechniky a komunikačních technologií},
  year      = {2018},
  type       = {Bakalářská práce},
  language  = {czech},
  abstract  = {Tato práce se zabývá návrhem inteligentního systému pro správu akvária. Systém je založený na platformě i.Mx8DV s grafickým výstupem na dotykový displej. V práci jsou diskutovány způsoby měření a regulace veličin kritických pro správný chod akvária. Dále je v práci popsána platforma i.Mx8DV a operační systém Neutrino. Práce řeší též výběr vhodných čidel a návrh desky plošných spojů k propojení platformy i.Mx8DV s vybranými čidly. Jsou zde popsány principy komunikace po síti a možnosti implementace webového serveru. Závěrem práce je popsána vytvořená aplikace.},
  keywords  = {akvaristika mh; měření teplot fy; platformy gf; bakalářské práce; měření pH; i.Mx8DV; Neutrino; TCP server}
}

@MastersThesis{DvorakJan2014RPpa,
  author    = {Jan DVOŘÁK},
  title     = {Regulátor PH pro akvárium},
  school = {Vysoké učení technické v Brně. Fakulta elektrotechniky a komunikačních technologií},
  year      = {2014},
  type       = {Bakalářská práce},
  language  = {czech},
  keywords  = {akvárium; pH; měření pH; regulace; ATmega; aquarium; measuring pH; regulation}
}

@MastersThesis{slavotinek2014,
  author     = {Jan SLAVOTÍNEK},
  title      = {Systém podpory akvarijních životních podmínek},
  school     = {Vysoké učení technické v Brně, Fakulta elektrotechniky a komunikačních technologií},
  year       = {2014},
  type       = {Bakalářská práce},
  pages      = {61},
  supervisor = {Petyovský, Petr}
}

% konec semestralky, zacatek baka

@online{jlcpcb,
  title = {JLCPCB},
  author = {{JLCPCB}},
  organization = {{JLCPCB}},
  url = {https://jlcpcb.com/},
  urldate = {2024-04-28},
}

@manual{esp32-hw-guidelines,
  title        = {{ESP32 Hardware Design Guidelines}},
  author       = {{Espressif Systems}},
  year         = {2022},
  version      = {3.3},
  url          = {https://docs.espressif.com/projects/esp-hardware-design-guidelines/en/latest/esp32/esp-hardware-design-guidelines-en-master-esp32.pdf}
}

% TODO correct:
@manual{ata-datasheet,
  title        = {{ATA6560 Datasheet}},
  author       = {{TI}},
  year         = {2022},
  version      = {3.3},
  url          = {https://docs.espressif.com/projects/esp-hardware-design-guidelines/en/latest/esp32/esp-hardware-design-guidelines-en-master-esp32.pdf}
}
